[gd_scene load_steps=3 format=2]

[ext_resource path="res://addons/palaver/designer-view.gd" type="Script" id=1]
[ext_resource path="res://addons/palaver/stacking-container.gd" type="Script" id=2]

[node name="WindowDialog" type="WindowDialog"]
anchor_left = 0.0
anchor_top = 0.0
anchor_right = 0.0
anchor_bottom = 0.0
margin_right = 800.0
margin_bottom = 450.0
rect_pivot_offset = Vector2( 0, 0 )
rect_clip_content = false
mouse_filter = 0
mouse_default_cursor_shape = 0
size_flags_horizontal = 3
size_flags_vertical = 3
popup_exclusive = false
window_title = "Dialogue Designer"
resizable = true
script = ExtResource( 1 )
_sections_unfolded = [ "Rect", "Size Flags" ]

[node name="Panel" type="Panel" parent="."]
anchor_left = 0.0
anchor_top = 0.0
anchor_right = 1.0
anchor_bottom = 1.0
rect_pivot_offset = Vector2( 0, 0 )
rect_clip_content = false
mouse_filter = 0
mouse_default_cursor_shape = 0
size_flags_horizontal = 1
size_flags_vertical = 1
_sections_unfolded = [ "Anchor", "Margin", "Size Flags" ]

[node name="VBox" type="VBoxContainer" parent="."]
anchor_left = 0.0
anchor_top = 0.0
anchor_right = 1.0
anchor_bottom = 1.0
rect_pivot_offset = Vector2( 0, 0 )
rect_clip_content = false
mouse_filter = 1
mouse_default_cursor_shape = 0
size_flags_horizontal = 3
size_flags_vertical = 3
alignment = 0
_sections_unfolded = [ "Size Flags" ]

[node name="HBox" type="HBoxContainer" parent="VBox"]
anchor_left = 0.0
anchor_top = 0.0
anchor_right = 0.0
anchor_bottom = 0.0
margin_right = 800.0
margin_bottom = 20.0
rect_pivot_offset = Vector2( 0, 0 )
rect_clip_content = false
mouse_filter = 0
mouse_default_cursor_shape = 0
size_flags_horizontal = 1
size_flags_vertical = 1
alignment = 0
_sections_unfolded = [ "Size Flags" ]

[node name="FileMenu" type="MenuButton" parent="VBox/HBox"]
anchor_left = 0.0
anchor_top = 0.0
anchor_right = 0.0
anchor_bottom = 0.0
margin_right = 35.0
margin_bottom = 20.0
rect_pivot_offset = Vector2( 0, 0 )
rect_clip_content = false
mouse_filter = 0
mouse_default_cursor_shape = 0
size_flags_horizontal = 1
size_flags_vertical = 1
toggle_mode = false
action_mode = 0
enabled_focus_mode = 0
shortcut = null
group = null
text = "File"
flat = true
align = 0
items = [ "New", null, 0, false, false, 0, 268435534, null, "", false, "Save", null, 0, false, false, 1, 268435539, null, "", false, "Open", null, 0, false, false, 2, 268435535, null, "", false ]

[node name="ConvMenu" type="MenuButton" parent="VBox/HBox"]
anchor_left = 0.0
anchor_top = 0.0
anchor_right = 0.0
anchor_bottom = 0.0
margin_left = 39.0
margin_right = 134.0
margin_bottom = 20.0
rect_pivot_offset = Vector2( 0, 0 )
rect_clip_content = false
mouse_filter = 0
mouse_default_cursor_shape = 0
size_flags_horizontal = 1
size_flags_vertical = 1
toggle_mode = false
action_mode = 0
enabled_focus_mode = 0
shortcut = null
group = null
text = "Conversation"
flat = true
align = 0
items = [ "Add Conversation", null, 0, false, false, 0, 301989966, null, "", false, "Add NPC Remark", null, 0, false, false, 1, 268435531, null, "", false, "Add Response", null, 0, false, false, 2, 268435538, null, "", false ]

[node name="HSplit" type="HSplitContainer" parent="VBox"]
anchor_left = 0.0
anchor_top = 0.0
anchor_right = 0.0
anchor_bottom = 0.0
margin_top = 24.0
margin_right = 800.0
margin_bottom = 450.0
rect_pivot_offset = Vector2( 0, 0 )
rect_clip_content = false
mouse_filter = 1
mouse_default_cursor_shape = 0
size_flags_horizontal = 3
size_flags_vertical = 3
split_offset = 0
collapsed = false
dragger_visibility = 0
_sections_unfolded = [ "Size Flags" ]

[node name="Tree" type="Tree" parent="VBox/HSplit"]
anchor_left = 0.0
anchor_top = 0.0
anchor_right = 0.0
anchor_bottom = 0.0
margin_right = 150.0
margin_bottom = 426.0
rect_min_size = Vector2( 150, 0 )
rect_pivot_offset = Vector2( 0, 0 )
rect_clip_content = true
focus_mode = 2
mouse_filter = 0
mouse_default_cursor_shape = 0
size_flags_horizontal = 1
size_flags_vertical = 3
columns = 1
allow_reselect = false
allow_rmb_select = true
hide_folding = false
hide_root = false
drop_mode_flags = 0
select_mode = 1
_sections_unfolded = [ "Rect", "Size Flags" ]

[node name="VBox" type="VBoxContainer" parent="VBox/HSplit"]
anchor_left = 0.0
anchor_top = 0.0
anchor_right = 0.0
anchor_bottom = 0.0
margin_left = 162.0
margin_right = 800.0
margin_bottom = 426.0
rect_min_size = Vector2( 150, 0 )
rect_pivot_offset = Vector2( 0, 0 )
rect_clip_content = false
mouse_filter = 1
mouse_default_cursor_shape = 0
size_flags_horizontal = 3
size_flags_vertical = 3
alignment = 2
_sections_unfolded = [ "Size Flags" ]

[node name="ConvPanel" type="PanelContainer" parent="VBox/HSplit/VBox"]
editor/display_folded = true
anchor_left = 0.0
anchor_top = 0.0
anchor_right = 0.0
anchor_bottom = 0.0
margin_right = 638.0
margin_bottom = 108.0
rect_pivot_offset = Vector2( 0, 0 )
rect_clip_content = false
mouse_filter = 0
mouse_default_cursor_shape = 0
size_flags_horizontal = 3
size_flags_vertical = 1
_sections_unfolded = [ "Rect", "Size Flags" ]

[node name="VBox" type="VBoxContainer" parent="VBox/HSplit/VBox/ConvPanel"]
anchor_left = 0.0
anchor_top = 0.0
anchor_right = 0.0
anchor_bottom = 0.0
margin_left = 7.0
margin_top = 7.0
margin_right = 631.0
margin_bottom = 101.0
rect_pivot_offset = Vector2( 0, 0 )
rect_clip_content = false
mouse_filter = 1
mouse_default_cursor_shape = 0
size_flags_horizontal = 1
size_flags_vertical = 1
alignment = 0

[node name="TitleLbl" type="Label" parent="VBox/HSplit/VBox/ConvPanel/VBox"]
anchor_left = 0.0
anchor_top = 0.0
anchor_right = 0.0
anchor_bottom = 0.0
margin_right = 624.0
margin_bottom = 14.0
rect_pivot_offset = Vector2( 0, 0 )
rect_clip_content = false
mouse_filter = 2
mouse_default_cursor_shape = 0
size_flags_horizontal = 1
size_flags_vertical = 4
text = "Conversation"
align = 1
uppercase = true
percent_visible = 1.0
lines_skipped = 0
max_lines_visible = -1
_sections_unfolded = [ "custom_fonts" ]

[node name="Grid" type="GridContainer" parent="VBox/HSplit/VBox/ConvPanel/VBox"]
anchor_left = 0.0
anchor_top = 0.0
anchor_right = 0.0
anchor_bottom = 0.0
margin_top = 18.0
margin_right = 624.0
margin_bottom = 94.0
rect_pivot_offset = Vector2( 0, 0 )
rect_clip_content = false
mouse_filter = 1
mouse_default_cursor_shape = 0
size_flags_horizontal = 1
size_flags_vertical = 1
columns = 3
_sections_unfolded = [ "Size Flags" ]

[node name="IdLbl" type="Label" parent="VBox/HSplit/VBox/ConvPanel/VBox/Grid"]
anchor_left = 0.0
anchor_top = 0.0
anchor_right = 0.0
anchor_bottom = 0.0
margin_top = 7.0
margin_right = 93.0
margin_bottom = 21.0
rect_pivot_offset = Vector2( 0, 0 )
rect_clip_content = false
mouse_filter = 2
mouse_default_cursor_shape = 0
size_flags_horizontal = 1
size_flags_vertical = 4
text = "Identifier:"
valign = 1
percent_visible = 1.0
lines_skipped = 0
max_lines_visible = -1

[node name="IdCont" type="Container" parent="VBox/HSplit/VBox/ConvPanel/VBox/Grid"]
anchor_left = 0.0
anchor_top = 0.0
anchor_right = 0.0
anchor_bottom = 0.0
margin_left = 97.0
margin_right = 584.0
margin_bottom = 28.0
rect_min_size = Vector2( 0, 24 )
rect_pivot_offset = Vector2( 0, 0 )
rect_clip_content = false
mouse_filter = 0
mouse_default_cursor_shape = 0
size_flags_horizontal = 3
size_flags_vertical = 3
_sections_unfolded = [ "Rect", "Size Flags" ]

[node name="IdTextLbl" type="Label" parent="VBox/HSplit/VBox/ConvPanel/VBox/Grid/IdCont"]
anchor_left = 0.0
anchor_top = 0.0
anchor_right = 0.0
anchor_bottom = 0.0
margin_left = -1.0
margin_right = 467.0
margin_bottom = 20.0
rect_pivot_offset = Vector2( 0, 0 )
rect_clip_content = false
mouse_filter = 2
mouse_default_cursor_shape = 0
size_flags_horizontal = 0
size_flags_vertical = 4
text = "[empty]"
valign = 1
percent_visible = 1.0
lines_skipped = 0
max_lines_visible = -1
_sections_unfolded = [ "Rect", "Size Flags" ]

[node name="IdLineEdit" type="LineEdit" parent="VBox/HSplit/VBox/ConvPanel/VBox/Grid/IdCont"]
visible = false
anchor_left = 0.0
anchor_top = 0.0
anchor_right = 0.0
anchor_bottom = 0.0
margin_right = 468.0
margin_bottom = 24.0
rect_pivot_offset = Vector2( 0, 0 )
rect_clip_content = false
focus_mode = 2
mouse_filter = 0
mouse_default_cursor_shape = 1
size_flags_horizontal = 3
size_flags_vertical = 1
secret_character = "*"
focus_mode = 2
context_menu_enabled = true
placeholder_alpha = 0.6
caret_blink = false
caret_blink_speed = 0.65
caret_position = 0

[node name="IdEditBtn" type="Button" parent="VBox/HSplit/VBox/ConvPanel/VBox/Grid"]
anchor_left = 0.0
anchor_top = 0.0
anchor_right = 0.0
anchor_bottom = 0.0
margin_left = 588.0
margin_top = 4.0
margin_right = 624.0
margin_bottom = 24.0
rect_pivot_offset = Vector2( 0, 0 )
rect_clip_content = false
focus_mode = 2
mouse_filter = 0
mouse_default_cursor_shape = 0
size_flags_horizontal = 1
size_flags_vertical = 4
disabled = true
toggle_mode = false
enabled_focus_mode = 2
shortcut = null
group = null
text = "Edit"
flat = false
align = 1
_sections_unfolded = [ "Size Flags" ]

[node name="DescLabel" type="Label" parent="VBox/HSplit/VBox/ConvPanel/VBox/Grid"]
anchor_left = 0.0
anchor_top = 0.0
anchor_right = 0.0
anchor_bottom = 0.0
margin_top = 37.0
margin_right = 93.0
margin_bottom = 51.0
rect_pivot_offset = Vector2( 0, 0 )
rect_clip_content = false
mouse_filter = 2
mouse_default_cursor_shape = 0
size_flags_horizontal = 1
size_flags_vertical = 4
text = "Description:"
valign = 1
percent_visible = 1.0
lines_skipped = 0
max_lines_visible = -1

[node name="DescCont" type="Container" parent="VBox/HSplit/VBox/ConvPanel/VBox/Grid"]
anchor_left = 0.0
anchor_top = 0.0
anchor_right = 0.0
anchor_bottom = 0.0
margin_left = 97.0
margin_top = 32.0
margin_right = 584.0
margin_bottom = 56.0
rect_min_size = Vector2( 0, 24 )
rect_pivot_offset = Vector2( 0, 0 )
rect_clip_content = false
mouse_filter = 0
mouse_default_cursor_shape = 0
size_flags_horizontal = 1
size_flags_vertical = 1
_sections_unfolded = [ "Rect" ]

[node name="DescTextLbl" type="Label" parent="VBox/HSplit/VBox/ConvPanel/VBox/Grid/DescCont"]
anchor_left = 0.0
anchor_top = 0.0
anchor_right = 0.0
anchor_bottom = 0.0
margin_right = 468.0
margin_bottom = 20.0
rect_pivot_offset = Vector2( 0, 0 )
rect_clip_content = false
mouse_filter = 2
mouse_default_cursor_shape = 0
size_flags_horizontal = 3
size_flags_vertical = 4
text = "[empty]"
valign = 1
clip_text = true
percent_visible = 1.0
lines_skipped = 0
max_lines_visible = -1
_sections_unfolded = [ "Rect", "Size Flags" ]

[node name="DescLineEdit" type="LineEdit" parent="VBox/HSplit/VBox/ConvPanel/VBox/Grid/DescCont"]
visible = false
anchor_left = 0.0
anchor_top = 0.0
anchor_right = 0.0
anchor_bottom = 0.0
margin_right = 468.0
margin_bottom = 24.0
rect_pivot_offset = Vector2( 0, 0 )
rect_clip_content = false
focus_mode = 2
mouse_filter = 0
mouse_default_cursor_shape = 1
size_flags_horizontal = 3
size_flags_vertical = 1
secret_character = "*"
focus_mode = 2
context_menu_enabled = true
placeholder_alpha = 0.6
caret_blink = false
caret_blink_speed = 0.65
caret_position = 0
_sections_unfolded = [ "Rect", "Size Flags" ]

[node name="DescEditBtn" type="Button" parent="VBox/HSplit/VBox/ConvPanel/VBox/Grid"]
anchor_left = 0.0
anchor_top = 0.0
anchor_right = 0.0
anchor_bottom = 0.0
margin_left = 588.0
margin_top = 34.0
margin_right = 624.0
margin_bottom = 54.0
rect_pivot_offset = Vector2( 0, 0 )
rect_clip_content = false
focus_mode = 2
mouse_filter = 0
mouse_default_cursor_shape = 0
size_flags_horizontal = 1
size_flags_vertical = 4
disabled = true
toggle_mode = false
enabled_focus_mode = 2
shortcut = null
group = null
text = "Edit"
flat = false
align = 1
_sections_unfolded = [ "Size Flags" ]

[node name="InitialRmkLbl" type="Label" parent="VBox/HSplit/VBox/ConvPanel/VBox/Grid"]
anchor_left = 0.0
anchor_top = 0.0
anchor_right = 0.0
anchor_bottom = 0.0
margin_top = 60.0
margin_right = 93.0
margin_bottom = 80.0
rect_pivot_offset = Vector2( 0, 0 )
rect_clip_content = false
mouse_filter = 0
mouse_default_cursor_shape = 0
size_flags_horizontal = 5
size_flags_vertical = 1
text = "Initial Remark:"
valign = 1
percent_visible = 1.0
lines_skipped = 0
max_lines_visible = -1
_sections_unfolded = [ "Size Flags" ]

[node name="InitialRmkOpt" type="OptionButton" parent="VBox/HSplit/VBox/ConvPanel/VBox/Grid"]
anchor_left = 0.0
anchor_top = 0.0
anchor_right = 0.0
anchor_bottom = 0.0
margin_left = 97.0
margin_top = 60.0
margin_right = 584.0
margin_bottom = 80.0
rect_pivot_offset = Vector2( 0, 0 )
rect_clip_content = false
focus_mode = 2
mouse_filter = 0
mouse_default_cursor_shape = 0
size_flags_horizontal = 3
size_flags_vertical = 1
toggle_mode = false
action_mode = 0
enabled_focus_mode = 2
shortcut = null
group = null
flat = false
align = 0
items = [  ]
selected = -1
_sections_unfolded = [ "BBCode", "Rect", "Size Flags" ]

[node name="LowerCont" type="Container" parent="VBox/HSplit/VBox"]
anchor_left = 0.0
anchor_top = 0.0
anchor_right = 0.0
anchor_bottom = 0.0
margin_top = 112.0
margin_right = 638.0
margin_bottom = 426.0
rect_pivot_offset = Vector2( 0, 0 )
rect_clip_content = false
mouse_filter = 0
mouse_default_cursor_shape = 0
size_flags_horizontal = 3
size_flags_vertical = 3
script = ExtResource( 2 )
_sections_unfolded = [ "Size Flags" ]

[node name="RmkPanel" type="PanelContainer" parent="VBox/HSplit/VBox/LowerCont"]
editor/display_folded = true
visible = false
anchor_left = 0.0
anchor_top = 0.0
anchor_right = 0.0
anchor_bottom = 0.0
margin_right = 615.0
margin_bottom = 306.0
rect_pivot_offset = Vector2( 0, 0 )
rect_clip_content = false
mouse_filter = 0
mouse_default_cursor_shape = 0
size_flags_horizontal = 3
size_flags_vertical = 3
_sections_unfolded = [ "Size Flags" ]

[node name="VBox" type="VBoxContainer" parent="VBox/HSplit/VBox/LowerCont/RmkPanel"]
anchor_left = 0.0
anchor_top = 0.0
anchor_right = 0.0
anchor_bottom = 0.0
margin_left = 7.0
margin_top = 7.0
margin_right = 608.0
margin_bottom = 299.0
rect_pivot_offset = Vector2( 0, 0 )
rect_clip_content = false
mouse_filter = 1
mouse_default_cursor_shape = 0
size_flags_horizontal = 1
size_flags_vertical = 1
alignment = 0

[node name="TitleLbl" type="Label" parent="VBox/HSplit/VBox/LowerCont/RmkPanel/VBox"]
anchor_left = 0.0
anchor_top = 0.0
anchor_right = 0.0
anchor_bottom = 0.0
margin_right = 601.0
margin_bottom = 14.0
rect_pivot_offset = Vector2( 0, 0 )
rect_clip_content = false
mouse_filter = 2
mouse_default_cursor_shape = 0
size_flags_horizontal = 1
size_flags_vertical = 4
text = "NPC Remarks"
align = 1
uppercase = true
percent_visible = 1.0
lines_skipped = 0
max_lines_visible = -1

[node name="Grid" type="GridContainer" parent="VBox/HSplit/VBox/LowerCont/RmkPanel/VBox"]
anchor_left = 0.0
anchor_top = 0.0
anchor_right = 0.0
anchor_bottom = 0.0
margin_top = 18.0
margin_right = 601.0
margin_bottom = 292.0
rect_pivot_offset = Vector2( 0, 0 )
rect_clip_content = false
mouse_filter = 1
mouse_default_cursor_shape = 0
size_flags_horizontal = 1
size_flags_vertical = 3
columns = 3
_sections_unfolded = [ "Size Flags" ]

[node name="IdLbl" type="Label" parent="VBox/HSplit/VBox/LowerCont/RmkPanel/VBox/Grid"]
anchor_left = 0.0
anchor_top = 0.0
anchor_right = 0.0
anchor_bottom = 0.0
margin_top = 5.0
margin_right = 63.0
margin_bottom = 19.0
rect_pivot_offset = Vector2( 0, 0 )
rect_clip_content = false
mouse_filter = 2
mouse_default_cursor_shape = 0
size_flags_horizontal = 1
size_flags_vertical = 4
text = "Identifier:"
valign = 1
percent_visible = 1.0
lines_skipped = 0
max_lines_visible = -1
_sections_unfolded = [ "Size Flags" ]

[node name="IdCont" type="Container" parent="VBox/HSplit/VBox/LowerCont/RmkPanel/VBox/Grid"]
anchor_left = 0.0
anchor_top = 0.0
anchor_right = 0.0
anchor_bottom = 0.0
margin_left = 67.0
margin_right = 561.0
margin_bottom = 24.0
rect_min_size = Vector2( 0, 24 )
rect_pivot_offset = Vector2( 0, 0 )
rect_clip_content = false
mouse_filter = 0
mouse_default_cursor_shape = 0
size_flags_horizontal = 3
size_flags_vertical = 1
script = ExtResource( 2 )
_sections_unfolded = [ "Size Flags" ]

[node name="IdTextLbl" type="Label" parent="VBox/HSplit/VBox/LowerCont/RmkPanel/VBox/Grid/IdCont"]
anchor_left = 0.0
anchor_top = 0.0
anchor_right = 0.0
anchor_bottom = 0.0
margin_top = 5.0
margin_right = 494.0
margin_bottom = 19.0
rect_pivot_offset = Vector2( 0, 0 )
rect_clip_content = false
mouse_filter = 2
mouse_default_cursor_shape = 0
size_flags_horizontal = 1
size_flags_vertical = 4
text = "example"
valign = 1
clip_text = true
percent_visible = 1.0
lines_skipped = 0
max_lines_visible = -1
_sections_unfolded = [ "Size Flags" ]

[node name="IdLineEdit" type="LineEdit" parent="VBox/HSplit/VBox/LowerCont/RmkPanel/VBox/Grid/IdCont"]
visible = false
anchor_left = 0.0
anchor_top = 0.0
anchor_right = 0.0
anchor_bottom = 0.0
margin_right = 494.0
margin_bottom = 24.0
rect_pivot_offset = Vector2( 0, 0 )
rect_clip_content = false
focus_mode = 2
mouse_filter = 0
mouse_default_cursor_shape = 1
size_flags_horizontal = 3
size_flags_vertical = 1
secret_character = "*"
focus_mode = 2
context_menu_enabled = true
placeholder_alpha = 0.6
caret_blink = false
caret_blink_speed = 0.65
caret_position = 0
_sections_unfolded = [ "Size Flags" ]

[node name="IdEditBtn" type="Button" parent="VBox/HSplit/VBox/LowerCont/RmkPanel/VBox/Grid"]
anchor_left = 0.0
anchor_top = 0.0
anchor_right = 0.0
anchor_bottom = 0.0
margin_left = 565.0
margin_right = 601.0
margin_bottom = 24.0
rect_pivot_offset = Vector2( 0, 0 )
rect_clip_content = false
focus_mode = 2
mouse_filter = 0
mouse_default_cursor_shape = 0
size_flags_horizontal = 1
size_flags_vertical = 1
disabled = true
toggle_mode = false
enabled_focus_mode = 2
shortcut = null
group = null
text = "Edit"
flat = false
align = 1

[node name="ContentLbl" type="Label" parent="VBox/HSplit/VBox/LowerCont/RmkPanel/VBox/Grid"]
anchor_left = 0.0
anchor_top = 0.0
anchor_right = 0.0
anchor_bottom = 0.0
margin_top = 81.0
margin_right = 63.0
margin_bottom = 95.0
rect_pivot_offset = Vector2( 0, 0 )
rect_clip_content = false
mouse_filter = 2
mouse_default_cursor_shape = 0
size_flags_horizontal = 1
size_flags_vertical = 4
text = "Text:"
valign = 1
percent_visible = 1.0
lines_skipped = 0
max_lines_visible = -1
_sections_unfolded = [ "Size Flags" ]

[node name="ContentCont" type="PanelContainer" parent="VBox/HSplit/VBox/LowerCont/RmkPanel/VBox/Grid"]
anchor_left = 0.0
anchor_top = 0.0
anchor_right = 0.0
anchor_bottom = 0.0
margin_left = 67.0
margin_top = 28.0
margin_right = 561.0
margin_bottom = 149.0
rect_pivot_offset = Vector2( 0, 0 )
rect_clip_content = false
mouse_filter = 0
mouse_default_cursor_shape = 0
size_flags_horizontal = 3
size_flags_vertical = 3
script = ExtResource( 2 )
_sections_unfolded = [ "Size Flags" ]

[node name="ContentLbl" type="RichTextLabel" parent="VBox/HSplit/VBox/LowerCont/RmkPanel/VBox/Grid/ContentCont"]
anchor_left = 0.0
anchor_top = 0.0
anchor_right = 0.0
anchor_bottom = 0.0
margin_left = 7.0
margin_top = 7.0
margin_right = 487.0
margin_bottom = 114.0
rect_pivot_offset = Vector2( 0, 0 )
rect_clip_content = true
mouse_filter = 0
mouse_default_cursor_shape = 0
size_flags_horizontal = 3
size_flags_vertical = 1
bbcode_enabled = true
bbcode_text = "[empty]"
visible_characters = -1
percent_visible = 1.0
meta_underlined = true
tab_size = 4
text = "[empty]"
scroll_active = true
scroll_following = false
selection_enabled = false
override_selected_font_color = false
_sections_unfolded = [ "BBCode", "Size Flags" ]

[node name="ContentTextEdit" type="TextEdit" parent="VBox/HSplit/VBox/LowerCont/RmkPanel/VBox/Grid/ContentCont"]
visible = false
anchor_left = 0.0
anchor_top = 0.0
anchor_right = 0.0
anchor_bottom = 0.0
margin_right = 494.0
margin_bottom = 108.0
rect_pivot_offset = Vector2( 0, 0 )
rect_clip_content = false
focus_mode = 2
mouse_filter = 0
mouse_default_cursor_shape = 0
size_flags_horizontal = 1
size_flags_vertical = 1
text = ""
readonly = false
highlight_current_line = false
syntax_highlighting = false
show_line_numbers = false
breakpoint_gutter = false
highlight_all_occurrences = false
override_selected_font_color = false
context_menu_enabled = true
smooth_scrolling = false
v_scroll_speed = 80.0
hiding_enabled = 0
wrap_enabled = false
caret_block_mode = false
caret_blink = false
caret_blink_speed = 0.65
caret_moving_by_right_click = true
_sections_unfolded = [ "Size Flags" ]

[node name="ContentEditBtn" type="Button" parent="VBox/HSplit/VBox/LowerCont/RmkPanel/VBox/Grid"]
anchor_left = 0.0
anchor_top = 0.0
anchor_right = 0.0
anchor_bottom = 0.0
margin_left = 565.0
margin_top = 78.0
margin_right = 601.0
margin_bottom = 98.0
rect_pivot_offset = Vector2( 0, 0 )
rect_clip_content = false
focus_mode = 2
mouse_filter = 0
mouse_default_cursor_shape = 0
size_flags_horizontal = 1
size_flags_vertical = 4
disabled = true
toggle_mode = false
enabled_focus_mode = 2
shortcut = null
group = null
text = "Edit"
flat = false
align = 1
_sections_unfolded = [ "Size Flags" ]

[node name="ChoicesLbl" type="Label" parent="VBox/HSplit/VBox/LowerCont/RmkPanel/VBox/Grid"]
anchor_left = 0.0
anchor_top = 0.0
anchor_right = 0.0
anchor_bottom = 0.0
margin_top = 206.0
margin_right = 63.0
margin_bottom = 220.0
rect_pivot_offset = Vector2( 0, 0 )
rect_clip_content = false
mouse_filter = 0
mouse_default_cursor_shape = 0
size_flags_horizontal = 1
size_flags_vertical = 4
text = "Choices:"
valign = 1
percent_visible = 1.0
lines_skipped = 0
max_lines_visible = -1
_sections_unfolded = [ "Size Flags" ]

[node name="Panel" type="PanelContainer" parent="VBox/HSplit/VBox/LowerCont/RmkPanel/VBox/Grid"]
anchor_left = 0.0
anchor_top = 0.0
anchor_right = 0.0
anchor_bottom = 0.0
margin_left = 67.0
margin_top = 153.0
margin_right = 561.0
margin_bottom = 274.0
rect_pivot_offset = Vector2( 0, 0 )
rect_clip_content = false
mouse_filter = 0
mouse_default_cursor_shape = 0
size_flags_horizontal = 3
size_flags_vertical = 3
_sections_unfolded = [ "Size Flags" ]

[node name="VBox" type="VBoxContainer" parent="VBox/HSplit/VBox/LowerCont/RmkPanel/VBox/Grid/Panel"]
anchor_left = 0.0
anchor_top = 0.0
anchor_right = 0.0
anchor_bottom = 0.0
margin_left = 7.0
margin_top = 7.0
margin_right = 487.0
margin_bottom = 114.0
rect_pivot_offset = Vector2( 0, 0 )
rect_clip_content = false
mouse_filter = 1
mouse_default_cursor_shape = 0
size_flags_horizontal = 1
size_flags_vertical = 1
alignment = 0

[node name="HBox2" type="HBoxContainer" parent="VBox/HSplit/VBox/LowerCont/RmkPanel/VBox/Grid/Panel/VBox"]
anchor_left = 0.0
anchor_top = 0.0
anchor_right = 0.0
anchor_bottom = 0.0
margin_right = 480.0
margin_bottom = 89.0
rect_pivot_offset = Vector2( 0, 0 )
rect_clip_content = false
mouse_filter = 1
mouse_default_cursor_shape = 0
size_flags_horizontal = 3
size_flags_vertical = 3
alignment = 0
_sections_unfolded = [ "Size Flags" ]

[node name="ChoicesList" type="ItemList" parent="VBox/HSplit/VBox/LowerCont/RmkPanel/VBox/Grid/Panel/VBox/HBox2"]
anchor_left = 0.0
anchor_top = 0.0
anchor_right = 0.0
anchor_bottom = 0.0
margin_right = 288.0
margin_bottom = 89.0
rect_pivot_offset = Vector2( 0, 0 )
rect_clip_content = true
focus_mode = 2
mouse_filter = 0
mouse_default_cursor_shape = 0
size_flags_horizontal = 3
size_flags_vertical = 3
size_flags_stretch_ratio = 2.0
items = [  ]
select_mode = 0
allow_reselect = false
icon_mode = 1
fixed_icon_size = Vector2( 0, 0 )
_sections_unfolded = [ "Columns", "Size Flags" ]

[node name="FlagsLbl" type="Label" parent="VBox/HSplit/VBox/LowerCont/RmkPanel/VBox/Grid/Panel/VBox/HBox2"]
anchor_left = 0.0
anchor_top = 0.0
anchor_right = 0.0
anchor_bottom = 0.0
margin_left = 292.0
margin_top = 37.0
margin_right = 332.0
margin_bottom = 51.0
rect_pivot_offset = Vector2( 0, 0 )
rect_clip_content = false
mouse_filter = 2
mouse_default_cursor_shape = 0
size_flags_horizontal = 1
size_flags_vertical = 4
text = "Flags: "
percent_visible = 1.0
lines_skipped = 0
max_lines_visible = -1
_sections_unfolded = [ "Size Flags" ]

[node name="FlagsList" type="ItemList" parent="VBox/HSplit/VBox/LowerCont/RmkPanel/VBox/Grid/Panel/VBox/HBox2"]
anchor_left = 0.0
anchor_top = 0.0
anchor_right = 0.0
anchor_bottom = 0.0
margin_left = 336.0
margin_right = 480.0
margin_bottom = 89.0
rect_pivot_offset = Vector2( 0, 0 )
rect_clip_content = true
focus_mode = 2
mouse_filter = 0
mouse_default_cursor_shape = 0
size_flags_horizontal = 3
size_flags_vertical = 3
items = [  ]
select_mode = 0
allow_reselect = false
icon_mode = 1
fixed_icon_size = Vector2( 0, 0 )
_sections_unfolded = [ "Columns", "Size Flags" ]

[node name="HBox" type="HBoxContainer" parent="VBox/HSplit/VBox/LowerCont/RmkPanel/VBox/Grid/Panel/VBox"]
anchor_left = 0.0
anchor_top = 0.0
anchor_right = 0.0
anchor_bottom = 0.0
margin_top = 93.0
margin_right = 480.0
margin_bottom = 107.0
rect_pivot_offset = Vector2( 0, 0 )
rect_clip_content = false
mouse_filter = 1
mouse_default_cursor_shape = 0
size_flags_horizontal = 1
size_flags_vertical = 0
alignment = 0
_sections_unfolded = [ "Size Flags" ]

[node name="LinkLbl" type="Label" parent="VBox/HSplit/VBox/LowerCont/RmkPanel/VBox/Grid/Panel/VBox/HBox"]
anchor_left = 0.0
anchor_top = 0.0
anchor_right = 0.0
anchor_bottom = 0.0
margin_right = 54.0
margin_bottom = 14.0
rect_pivot_offset = Vector2( 0, 0 )
rect_clip_content = false
mouse_filter = 2
mouse_default_cursor_shape = 0
size_flags_horizontal = 1
size_flags_vertical = 4
text = "Links to:"
valign = 1
percent_visible = 1.0
lines_skipped = 0
max_lines_visible = -1

[node name="LinkTextLbl" type="Label" parent="VBox/HSplit/VBox/LowerCont/RmkPanel/VBox/Grid/Panel/VBox/HBox"]
anchor_left = 0.0
anchor_top = 0.0
anchor_right = 0.0
anchor_bottom = 0.0
margin_left = 58.0
margin_right = 480.0
margin_bottom = 14.0
rect_pivot_offset = Vector2( 0, 0 )
rect_clip_content = false
mouse_filter = 2
mouse_default_cursor_shape = 0
size_flags_horizontal = 3
size_flags_vertical = 4
text = "[empty]"
valign = 1
clip_text = true
percent_visible = 1.0
lines_skipped = 0
max_lines_visible = -1
_sections_unfolded = [ "Size Flags" ]

[node name="ChoicesEditBtn" type="Button" parent="VBox/HSplit/VBox/LowerCont/RmkPanel/VBox/Grid"]
anchor_left = 0.0
anchor_top = 0.0
anchor_right = 0.0
anchor_bottom = 0.0
margin_left = 565.0
margin_top = 203.0
margin_right = 601.0
margin_bottom = 223.0
rect_pivot_offset = Vector2( 0, 0 )
rect_clip_content = false
focus_mode = 2
mouse_filter = 0
mouse_default_cursor_shape = 0
size_flags_horizontal = 1
size_flags_vertical = 4
disabled = true
toggle_mode = false
enabled_focus_mode = 2
shortcut = null
group = null
text = "Edit"
flat = false
align = 1
_sections_unfolded = [ "Size Flags" ]

[node name="RspPanel" type="PanelContainer" parent="VBox/HSplit/VBox/LowerCont"]
editor/display_folded = true
visible = false
anchor_left = 0.0
anchor_top = 0.0
anchor_right = 0.0
anchor_bottom = 0.0
margin_right = 624.0
margin_bottom = 284.0
rect_pivot_offset = Vector2( 0, 0 )
rect_clip_content = false
mouse_filter = 0
mouse_default_cursor_shape = 0
size_flags_horizontal = 3
size_flags_vertical = 3
_sections_unfolded = [ "Size Flags" ]

[node name="VBox" type="VBoxContainer" parent="VBox/HSplit/VBox/LowerCont/RspPanel"]
anchor_left = 0.0
anchor_top = 0.0
anchor_right = 0.0
anchor_bottom = 0.0
margin_left = 7.0
margin_top = 7.0
margin_right = 617.0
margin_bottom = 277.0
rect_pivot_offset = Vector2( 0, 0 )
rect_clip_content = false
mouse_filter = 1
mouse_default_cursor_shape = 0
size_flags_horizontal = 1
size_flags_vertical = 1
alignment = 0

[node name="TitleLbl" type="Label" parent="VBox/HSplit/VBox/LowerCont/RspPanel/VBox"]
anchor_left = 0.0
anchor_top = 0.0
anchor_right = 0.0
anchor_bottom = 0.0
margin_right = 610.0
margin_bottom = 14.0
rect_pivot_offset = Vector2( 0, 0 )
rect_clip_content = false
mouse_filter = 2
mouse_default_cursor_shape = 0
size_flags_horizontal = 1
size_flags_vertical = 4
text = "Response"
align = 1
uppercase = true
percent_visible = 1.0
lines_skipped = 0
max_lines_visible = -1

[node name="Grid" type="GridContainer" parent="VBox/HSplit/VBox/LowerCont/RspPanel/VBox"]
anchor_left = 0.0
anchor_top = 0.0
anchor_right = 0.0
anchor_bottom = 0.0
margin_top = 18.0
margin_right = 610.0
margin_bottom = 270.0
rect_pivot_offset = Vector2( 0, 0 )
rect_clip_content = false
mouse_filter = 1
mouse_default_cursor_shape = 0
size_flags_horizontal = 1
size_flags_vertical = 3
columns = 3
_sections_unfolded = [ "Size Flags" ]

[node name="IdLbl" type="Label" parent="VBox/HSplit/VBox/LowerCont/RspPanel/VBox/Grid"]
anchor_left = 0.0
anchor_top = 0.0
anchor_right = 0.0
anchor_bottom = 0.0
margin_top = 5.0
margin_right = 63.0
margin_bottom = 19.0
rect_pivot_offset = Vector2( 0, 0 )
rect_clip_content = false
mouse_filter = 2
mouse_default_cursor_shape = 0
size_flags_horizontal = 1
size_flags_vertical = 4
text = "Identifier:"
valign = 1
percent_visible = 1.0
lines_skipped = 0
max_lines_visible = -1
_sections_unfolded = [ "Size Flags" ]

[node name="IdCont" type="Container" parent="VBox/HSplit/VBox/LowerCont/RspPanel/VBox/Grid"]
anchor_left = 0.0
anchor_top = 0.0
anchor_right = 0.0
anchor_bottom = 0.0
margin_left = 67.0
margin_right = 570.0
margin_bottom = 24.0
rect_min_size = Vector2( 0, 24 )
rect_pivot_offset = Vector2( 0, 0 )
rect_clip_content = false
mouse_filter = 0
mouse_default_cursor_shape = 0
size_flags_horizontal = 3
size_flags_vertical = 1
script = ExtResource( 2 )
_sections_unfolded = [ "Size Flags" ]

[node name="IdTextLbl" type="Label" parent="VBox/HSplit/VBox/LowerCont/RspPanel/VBox/Grid/IdCont"]
anchor_left = 0.0
anchor_top = 0.0
anchor_right = 0.0
anchor_bottom = 0.0
margin_top = 5.0
margin_right = 503.0
margin_bottom = 19.0
rect_pivot_offset = Vector2( 0, 0 )
rect_clip_content = false
mouse_filter = 2
mouse_default_cursor_shape = 0
size_flags_horizontal = 1
size_flags_vertical = 4
text = "[empty]"
valign = 1
clip_text = true
percent_visible = 1.0
lines_skipped = 0
max_lines_visible = -1
_sections_unfolded = [ "Size Flags" ]

[node name="IdLineEdit" type="LineEdit" parent="VBox/HSplit/VBox/LowerCont/RspPanel/VBox/Grid/IdCont"]
visible = false
anchor_left = 0.0
anchor_top = 0.0
anchor_right = 0.0
anchor_bottom = 0.0
margin_right = 503.0
margin_bottom = 24.0
rect_pivot_offset = Vector2( 0, 0 )
rect_clip_content = false
focus_mode = 2
mouse_filter = 0
mouse_default_cursor_shape = 1
size_flags_horizontal = 3
size_flags_vertical = 1
secret_character = "*"
focus_mode = 2
context_menu_enabled = true
placeholder_alpha = 0.6
caret_blink = false
caret_blink_speed = 0.65
caret_position = 0
_sections_unfolded = [ "Size Flags" ]

[node name="IdEditBtn" type="Button" parent="VBox/HSplit/VBox/LowerCont/RspPanel/VBox/Grid"]
anchor_left = 0.0
anchor_top = 0.0
anchor_right = 0.0
anchor_bottom = 0.0
margin_left = 574.0
margin_right = 610.0
margin_bottom = 24.0
rect_pivot_offset = Vector2( 0, 0 )
rect_clip_content = false
focus_mode = 2
mouse_filter = 0
mouse_default_cursor_shape = 0
size_flags_horizontal = 1
size_flags_vertical = 1
disabled = true
toggle_mode = false
enabled_focus_mode = 2
shortcut = null
group = null
text = "Edit"
flat = false
align = 1

[node name="ContentLbl" type="Label" parent="VBox/HSplit/VBox/LowerCont/RspPanel/VBox/Grid"]
anchor_left = 0.0
anchor_top = 0.0
anchor_right = 0.0
anchor_bottom = 0.0
margin_top = 77.0
margin_right = 63.0
margin_bottom = 91.0
rect_pivot_offset = Vector2( 0, 0 )
rect_clip_content = false
mouse_filter = 2
mouse_default_cursor_shape = 0
size_flags_horizontal = 1
size_flags_vertical = 4
text = "Content:"
valign = 1
percent_visible = 1.0
lines_skipped = 0
max_lines_visible = -1
_sections_unfolded = [ "Size Flags" ]

[node name="ContentCont" type="PanelContainer" parent="VBox/HSplit/VBox/LowerCont/RspPanel/VBox/Grid"]
anchor_left = 0.0
anchor_top = 0.0
anchor_right = 0.0
anchor_bottom = 0.0
margin_left = 67.0
margin_top = 28.0
margin_right = 570.0
margin_bottom = 140.0
rect_min_size = Vector2( 0, 24 )
rect_pivot_offset = Vector2( 0, 0 )
rect_clip_content = false
mouse_filter = 0
mouse_default_cursor_shape = 0
size_flags_horizontal = 3
size_flags_vertical = 3
script = ExtResource( 2 )
_sections_unfolded = [ "Size Flags" ]

[node name="ContentTextLbl" type="RichTextLabel" parent="VBox/HSplit/VBox/LowerCont/RspPanel/VBox/Grid/ContentCont"]
anchor_left = 0.0
anchor_top = 0.0
anchor_right = 0.0
anchor_bottom = 0.0
margin_top = 5.0
margin_right = 503.0
margin_bottom = 19.0
rect_pivot_offset = Vector2( 0, 0 )
rect_clip_content = true
mouse_filter = 0
mouse_default_cursor_shape = 0
size_flags_horizontal = 1
size_flags_vertical = 3
bbcode_enabled = true
bbcode_text = ""
visible_characters = -1
percent_visible = 1.0
meta_underlined = true
tab_size = 4
text = ""
scroll_active = true
scroll_following = false
selection_enabled = false
override_selected_font_color = false
_sections_unfolded = [ "BBCode", "Size Flags" ]

[node name="ContentLineEdit" type="TextEdit" parent="VBox/HSplit/VBox/LowerCont/RspPanel/VBox/Grid/ContentCont"]
visible = false
anchor_left = 0.0
anchor_top = 0.0
anchor_right = 0.0
anchor_bottom = 0.0
margin_right = 503.0
margin_bottom = 24.0
rect_pivot_offset = Vector2( 0, 0 )
rect_clip_content = false
focus_mode = 2
mouse_filter = 0
mouse_default_cursor_shape = 0
size_flags_horizontal = 3
size_flags_vertical = 3
text = ""
readonly = true
highlight_current_line = false
syntax_highlighting = false
show_line_numbers = false
breakpoint_gutter = false
highlight_all_occurrences = false
override_selected_font_color = false
context_menu_enabled = false
smooth_scrolling = false
v_scroll_speed = 80.0
hiding_enabled = 0
wrap_enabled = false
caret_block_mode = false
caret_blink = true
caret_blink_speed = 0.65
caret_moving_by_right_click = false
_sections_unfolded = [ "Size Flags" ]

[node name="ContentEditBtn" type="Button" parent="VBox/HSplit/VBox/LowerCont/RspPanel/VBox/Grid"]
anchor_left = 0.0
anchor_top = 0.0
anchor_right = 0.0
anchor_bottom = 0.0
margin_left = 574.0
margin_top = 74.0
margin_right = 610.0
margin_bottom = 94.0
rect_pivot_offset = Vector2( 0, 0 )
rect_clip_content = false
focus_mode = 2
mouse_filter = 0
mouse_default_cursor_shape = 0
size_flags_horizontal = 1
size_flags_vertical = 4
disabled = true
toggle_mode = false
enabled_focus_mode = 2
shortcut = null
group = null
text = "Edit"
flat = false
align = 1
_sections_unfolded = [ "Size Flags" ]

[node name="LinksLbl" type="Label" parent="VBox/HSplit/VBox/LowerCont/RspPanel/VBox/Grid"]
anchor_left = 0.0
anchor_top = 0.0
anchor_right = 0.0
anchor_bottom = 0.0
margin_top = 144.0
margin_right = 63.0
margin_bottom = 158.0
rect_pivot_offset = Vector2( 0, 0 )
rect_clip_content = false
mouse_filter = 0
mouse_default_cursor_shape = 0
size_flags_horizontal = 1
size_flags_vertical = 0
text = "Links:"
percent_visible = 1.0
lines_skipped = 0
max_lines_visible = -1
_sections_unfolded = [ "Size Flags" ]

[node name="LinksList" type="ItemList" parent="VBox/HSplit/VBox/LowerCont/RspPanel/VBox/Grid"]
anchor_left = 0.0
anchor_top = 0.0
anchor_right = 0.0
anchor_bottom = 0.0
margin_left = 67.0
margin_top = 144.0
margin_right = 570.0
margin_bottom = 256.0
rect_pivot_offset = Vector2( 0, 0 )
rect_clip_content = true
focus_mode = 2
mouse_filter = 0
mouse_default_cursor_shape = 0
size_flags_horizontal = 3
size_flags_vertical = 3
items = [  ]
select_mode = 0
allow_reselect = false
max_columns = 2
icon_mode = 1
fixed_icon_size = Vector2( 0, 0 )
_sections_unfolded = [ "Columns", "Size Flags" ]

[connection signal="item_selected" from="VBox/HSplit/Tree" to="." method="_on_Tree_item_selected"]
[connection signal="text_entered" from="VBox/HSplit/VBox/ConvPanel/VBox/Grid/IdCont/IdLineEdit" to="." method="_on_ConvIdLineEdit_text_entered"]
[connection signal="pressed" from="VBox/HSplit/VBox/ConvPanel/VBox/Grid/IdEditBtn" to="." method="_on_ConvIdEditBtn_pressed"]
[connection signal="text_entered" from="VBox/HSplit/VBox/ConvPanel/VBox/Grid/DescCont/DescLineEdit" to="." method="_on_ConvDescLineEdit_text_entered"]
[connection signal="pressed" from="VBox/HSplit/VBox/ConvPanel/VBox/Grid/DescEditBtn" to="." method="_on_ConvDescEditBtn_pressed"]
[connection signal="item_selected" from="VBox/HSplit/VBox/ConvPanel/VBox/Grid/InitialRmkOpt" to="." method="_on_InitialRmkOpt_item_selected"]
[connection signal="text_entered" from="VBox/HSplit/VBox/LowerCont/RmkPanel/VBox/Grid/IdCont/IdLineEdit" to="." method="_on_RmkIdLineEdit_text_entered"]
[connection signal="pressed" from="VBox/HSplit/VBox/LowerCont/RmkPanel/VBox/Grid/IdEditBtn" to="." method="_on_RmkIdEditBtn_pressed"]
[connection signal="pressed" from="VBox/HSplit/VBox/LowerCont/RmkPanel/VBox/Grid/ContentEditBtn" to="." method="_on_RmkContentEditBtn_pressed"]
[connection signal="item_selected" from="VBox/HSplit/VBox/LowerCont/RmkPanel/VBox/Grid/Panel/VBox/HBox2/ChoicesList" to="." method="_on_ChoicesList_item_selected"]
[connection signal="pressed" from="VBox/HSplit/VBox/LowerCont/RmkPanel/VBox/Grid/ChoicesEditBtn" to="." method="_on_ChoicesEditBtn_pressed"]
[connection signal="text_entered" from="VBox/HSplit/VBox/LowerCont/RspPanel/VBox/Grid/IdCont/IdLineEdit" to="." method="_on_RspIdLineEdit_text_entered"]
[connection signal="pressed" from="VBox/HSplit/VBox/LowerCont/RspPanel/VBox/Grid/IdEditBtn" to="." method="_on_RspIdEditBtn_pressed"]
[connection signal="pressed" from="VBox/HSplit/VBox/LowerCont/RspPanel/VBox/Grid/ContentEditBtn" to="." method="_on_RspContentEditBtn_pressed"]
