[gd_scene load_steps=3 format=2]

[ext_resource path="res://addons/palaver/edit-choices-view.gd" type="Script" id=1]
[ext_resource path="res://addons/palaver/stacking-container.gd" type="Script" id=2]

[node name="EditChoicesPopup" type="AcceptDialog"]
anchor_left = 0.0
anchor_top = 0.0
anchor_right = 0.0
anchor_bottom = 0.0
margin_right = 635.0
margin_bottom = 325.0
rect_pivot_offset = Vector2( 0, 0 )
rect_clip_content = true
mouse_filter = 0
mouse_default_cursor_shape = 0
size_flags_horizontal = 3
size_flags_vertical = 3
popup_exclusive = false
window_title = "Edit Choices"
resizable = true
dialog_hide_on_ok = true
script = ExtResource( 1 )
_sections_unfolded = [ "Dialog", "Popup", "Rect", "Size Flags" ]

[node name="HBox" type="HBoxContainer" parent="."]
anchor_left = 0.0
anchor_top = 0.0
anchor_right = 0.0
anchor_bottom = 0.0
margin_left = 8.0
margin_top = 8.0
margin_right = 627.0
margin_bottom = 289.0
rect_pivot_offset = Vector2( 0, 0 )
rect_clip_content = false
mouse_filter = 1
mouse_default_cursor_shape = 0
size_flags_horizontal = 3
size_flags_vertical = 3
alignment = 0
_sections_unfolded = [ "Size Flags" ]

[node name="Grid" type="GridContainer" parent="HBox"]
anchor_left = 0.0
anchor_top = 0.0
anchor_right = 0.0
anchor_bottom = 0.0
margin_right = 404.0
margin_bottom = 281.0
rect_pivot_offset = Vector2( 0, 0 )
rect_clip_content = false
mouse_filter = 1
mouse_default_cursor_shape = 0
size_flags_horizontal = 3
size_flags_vertical = 3
size_flags_stretch_ratio = 2.0
columns = 3
_sections_unfolded = [ "Size Flags" ]

[node name="AllRspLbl" type="Label" parent="HBox/Grid"]
anchor_left = 0.0
anchor_top = 0.0
anchor_right = 0.0
anchor_bottom = 0.0
margin_right = 160.0
margin_bottom = 14.0
rect_pivot_offset = Vector2( 0, 0 )
rect_clip_content = false
mouse_filter = 2
mouse_default_cursor_shape = 0
size_flags_horizontal = 1
size_flags_vertical = 0
text = "All Responses"
align = 1
percent_visible = 1.0
lines_skipped = 0
max_lines_visible = -1
_sections_unfolded = [ "Size Flags" ]

[node name="Spacer" type="Control" parent="HBox/Grid"]
anchor_left = 0.0
anchor_top = 0.0
anchor_right = 0.0
anchor_bottom = 0.0
margin_left = 164.0
margin_right = 240.0
margin_bottom = 14.0
rect_pivot_offset = Vector2( 0, 0 )
rect_clip_content = false
mouse_filter = 2
mouse_default_cursor_shape = 0
size_flags_horizontal = 1
size_flags_vertical = 1
_sections_unfolded = [ "Size Flags" ]

[node name="AddedRspLbl" type="Label" parent="HBox/Grid"]
anchor_left = 0.0
anchor_top = 0.0
anchor_right = 0.0
anchor_bottom = 0.0
margin_left = 244.0
margin_right = 404.0
margin_bottom = 14.0
rect_pivot_offset = Vector2( 0, 0 )
rect_clip_content = false
mouse_filter = 2
mouse_default_cursor_shape = 0
size_flags_horizontal = 1
size_flags_vertical = 0
text = "Added Responses"
align = 1
percent_visible = 1.0
lines_skipped = 0
max_lines_visible = -1
_sections_unfolded = [ "Size Flags" ]

[node name="AllRspList" type="ItemList" parent="HBox/Grid"]
anchor_left = 0.0
anchor_top = 0.0
anchor_right = 0.0
anchor_bottom = 0.0
margin_top = 18.0
margin_right = 160.0
margin_bottom = 233.0
rect_min_size = Vector2( 160, 0 )
rect_pivot_offset = Vector2( 0, 0 )
rect_clip_content = true
focus_mode = 2
mouse_filter = 0
mouse_default_cursor_shape = 0
size_flags_horizontal = 3
size_flags_vertical = 3
items = [  ]
select_mode = 0
allow_reselect = false
max_columns = 2
icon_mode = 1
fixed_icon_size = Vector2( 0, 0 )
_sections_unfolded = [ "Columns", "Rect", "Size Flags" ]

[node name="VBox" type="VBoxContainer" parent="HBox/Grid"]
anchor_left = 0.0
anchor_top = 0.0
anchor_right = 0.0
anchor_bottom = 0.0
margin_left = 164.0
margin_top = 18.0
margin_right = 240.0
margin_bottom = 233.0
rect_pivot_offset = Vector2( 0, 0 )
rect_clip_content = false
mouse_filter = 1
mouse_default_cursor_shape = 0
size_flags_horizontal = 4
size_flags_vertical = 1
alignment = 1
_sections_unfolded = [ "Size Flags" ]

[node name="RspAddBtn" type="Button" parent="HBox/Grid/VBox"]
anchor_left = 0.0
anchor_top = 0.0
anchor_right = 0.0
anchor_bottom = 0.0
margin_top = 85.0
margin_right = 76.0
margin_bottom = 105.0
rect_pivot_offset = Vector2( 0, 0 )
rect_clip_content = false
focus_mode = 2
mouse_filter = 0
mouse_default_cursor_shape = 0
size_flags_horizontal = 1
size_flags_vertical = 1
toggle_mode = false
enabled_focus_mode = 2
shortcut = null
group = null
text = "Add >"
flat = false
align = 1

[node name="RspRemoveBtn" type="Button" parent="HBox/Grid/VBox"]
anchor_left = 0.0
anchor_top = 0.0
anchor_right = 0.0
anchor_bottom = 0.0
margin_top = 109.0
margin_right = 76.0
margin_bottom = 129.0
rect_pivot_offset = Vector2( 0, 0 )
rect_clip_content = false
focus_mode = 2
mouse_filter = 0
mouse_default_cursor_shape = 0
size_flags_horizontal = 1
size_flags_vertical = 1
toggle_mode = false
enabled_focus_mode = 2
shortcut = null
group = null
text = "< Remove"
flat = false
align = 1

[node name="AddedRspList" type="ItemList" parent="HBox/Grid"]
anchor_left = 0.0
anchor_top = 0.0
anchor_right = 0.0
anchor_bottom = 0.0
margin_left = 244.0
margin_top = 18.0
margin_right = 404.0
margin_bottom = 233.0
rect_min_size = Vector2( 160, 0 )
rect_pivot_offset = Vector2( 0, 0 )
rect_clip_content = true
focus_mode = 2
mouse_filter = 0
mouse_default_cursor_shape = 0
size_flags_horizontal = 3
size_flags_vertical = 3
items = [  ]
select_mode = 0
allow_reselect = false
icon_mode = 1
fixed_icon_size = Vector2( 0, 0 )
_sections_unfolded = [ "Columns", "Rect", "Size Flags" ]

[node name="Spacer2" type="Control" parent="HBox/Grid"]
anchor_left = 0.0
anchor_top = 0.0
anchor_right = 0.0
anchor_bottom = 0.0
margin_top = 237.0
margin_right = 160.0
margin_bottom = 257.0
rect_pivot_offset = Vector2( 0, 0 )
rect_clip_content = false
mouse_filter = 0
mouse_default_cursor_shape = 0
size_flags_horizontal = 1
size_flags_vertical = 1
_sections_unfolded = [ "Size Flags" ]

[node name="ChoiceIdLbl" type="Label" parent="HBox/Grid"]
anchor_left = 0.0
anchor_top = 0.0
anchor_right = 0.0
anchor_bottom = 0.0
margin_left = 164.0
margin_top = 240.0
margin_right = 240.0
margin_bottom = 254.0
rect_pivot_offset = Vector2( 0, 0 )
rect_clip_content = false
mouse_filter = 0
mouse_default_cursor_shape = 0
size_flags_horizontal = 1
size_flags_vertical = 4
text = "ID:"
align = 2
valign = 1
percent_visible = 1.0
lines_skipped = 0
max_lines_visible = -1
_sections_unfolded = [ "Size Flags" ]

[node name="HBox" type="HBoxContainer" parent="HBox/Grid"]
anchor_left = 0.0
anchor_top = 0.0
anchor_right = 0.0
anchor_bottom = 0.0
margin_left = 244.0
margin_top = 237.0
margin_right = 404.0
margin_bottom = 257.0
rect_pivot_offset = Vector2( 0, 0 )
rect_clip_content = false
mouse_filter = 1
mouse_default_cursor_shape = 0
size_flags_horizontal = 3
size_flags_vertical = 1
alignment = 0
_sections_unfolded = [ "Size Flags" ]

[node name="Container" type="Container" parent="HBox/Grid/HBox"]
anchor_left = 0.0
anchor_top = 0.0
anchor_right = 0.0
anchor_bottom = 0.0
margin_right = 120.0
margin_bottom = 20.0
rect_pivot_offset = Vector2( 0, 0 )
rect_clip_content = false
mouse_filter = 0
mouse_default_cursor_shape = 0
size_flags_horizontal = 3
size_flags_vertical = 1
script = ExtResource( 2 )
_sections_unfolded = [ "Size Flags" ]

[node name="ChoiceIdLbl" type="Label" parent="HBox/Grid/HBox/Container"]
anchor_left = 0.0
anchor_top = 0.0
anchor_right = 0.0
anchor_bottom = 0.0
margin_right = 112.0
margin_bottom = 20.0
rect_pivot_offset = Vector2( 0, 0 )
rect_clip_content = false
mouse_filter = 2
mouse_default_cursor_shape = 0
size_flags_horizontal = 3
size_flags_vertical = 3
valign = 1
percent_visible = 1.0
lines_skipped = 0
max_lines_visible = -1
_sections_unfolded = [ "Size Flags" ]

[node name="ChoiceIdLineEdit" type="LineEdit" parent="HBox/Grid/HBox/Container"]
visible = false
anchor_left = 0.0
anchor_top = 0.0
anchor_right = 0.0
anchor_bottom = 0.0
margin_right = 116.0
margin_bottom = 24.0
rect_pivot_offset = Vector2( 0, 0 )
rect_clip_content = false
focus_mode = 2
mouse_filter = 0
mouse_default_cursor_shape = 1
size_flags_horizontal = 3
size_flags_vertical = 4
editable = false
secret_character = "*"
focus_mode = 2
context_menu_enabled = true
placeholder_alpha = 0.6
caret_blink = true
caret_blink_speed = 0.65
caret_position = 0
_sections_unfolded = [ "Placeholder", "Rect", "Size Flags" ]

[node name="ChoiceIdEditBtn" type="Button" parent="HBox/Grid/HBox"]
anchor_left = 0.0
anchor_top = 0.0
anchor_right = 0.0
anchor_bottom = 0.0
margin_left = 124.0
margin_right = 160.0
margin_bottom = 20.0
rect_min_size = Vector2( 36, 0 )
rect_pivot_offset = Vector2( 0, 0 )
rect_clip_content = false
focus_mode = 2
mouse_filter = 0
mouse_default_cursor_shape = 0
size_flags_horizontal = 1
size_flags_vertical = 1
disabled = true
toggle_mode = false
enabled_focus_mode = 2
shortcut = null
group = null
text = "Edit"
flat = false
align = 1
_sections_unfolded = [ "Rect", "Size Flags" ]

[node name="Spacer4" type="Control" parent="HBox/Grid"]
anchor_left = 0.0
anchor_top = 0.0
anchor_right = 0.0
anchor_bottom = 0.0
margin_top = 261.0
margin_right = 160.0
margin_bottom = 281.0
rect_pivot_offset = Vector2( 0, 0 )
rect_clip_content = false
mouse_filter = 0
mouse_default_cursor_shape = 0
size_flags_horizontal = 1
size_flags_vertical = 1
_sections_unfolded = [ "Size Flags" ]

[node name="LinkLbl" type="Label" parent="HBox/Grid"]
anchor_left = 0.0
anchor_top = 0.0
anchor_right = 0.0
anchor_bottom = 0.0
margin_left = 164.0
margin_top = 264.0
margin_right = 240.0
margin_bottom = 278.0
rect_pivot_offset = Vector2( 0, 0 )
rect_clip_content = false
mouse_filter = 0
mouse_default_cursor_shape = 0
size_flags_horizontal = 1
size_flags_vertical = 4
text = "Link To:"
align = 2
valign = 1
percent_visible = 1.0
lines_skipped = 0
max_lines_visible = -1
_sections_unfolded = [ "Size Flags" ]

[node name="LinkOpt" type="OptionButton" parent="HBox/Grid"]
anchor_left = 0.0
anchor_top = 0.0
anchor_right = 0.0
anchor_bottom = 0.0
margin_left = 244.0
margin_top = 261.0
margin_right = 404.0
margin_bottom = 281.0
rect_pivot_offset = Vector2( 0, 0 )
rect_clip_content = false
focus_mode = 2
mouse_filter = 0
mouse_default_cursor_shape = 0
size_flags_horizontal = 3
size_flags_vertical = 4
toggle_mode = false
action_mode = 0
enabled_focus_mode = 2
shortcut = null
group = null
flat = false
clip_text = true
align = 0
items = [  ]
selected = -1
_sections_unfolded = [ "Rect", "Size Flags" ]

[node name="VSep" type="VSeparator" parent="HBox"]
anchor_left = 0.0
anchor_top = 0.0
anchor_right = 0.0
anchor_bottom = 0.0
margin_left = 408.0
margin_right = 412.0
margin_bottom = 281.0
rect_pivot_offset = Vector2( 0, 0 )
rect_clip_content = false
mouse_filter = 0
mouse_default_cursor_shape = 0
size_flags_horizontal = 1
size_flags_vertical = 1

[node name="VBox" type="VBoxContainer" parent="HBox"]
anchor_left = 0.0
anchor_top = 0.0
anchor_right = 0.0
anchor_bottom = 0.0
margin_left = 416.0
margin_right = 619.0
margin_bottom = 281.0
rect_pivot_offset = Vector2( 0, 0 )
rect_clip_content = false
mouse_filter = 1
mouse_default_cursor_shape = 0
size_flags_horizontal = 3
size_flags_vertical = 3
alignment = 0
_sections_unfolded = [ "Size Flags" ]

[node name="FlagsLbl" type="Label" parent="HBox/VBox"]
anchor_left = 0.0
anchor_top = 0.0
anchor_right = 0.0
anchor_bottom = 0.0
margin_right = 203.0
margin_bottom = 14.0
rect_pivot_offset = Vector2( 0, 0 )
rect_clip_content = false
mouse_filter = 2
mouse_default_cursor_shape = 0
size_flags_horizontal = 1
size_flags_vertical = 0
text = "Flags"
align = 1
percent_visible = 1.0
lines_skipped = 0
max_lines_visible = -1
_sections_unfolded = [ "Size Flags" ]

[node name="HBox" type="HBoxContainer" parent="HBox/VBox"]
anchor_left = 0.0
anchor_top = 0.0
anchor_right = 0.0
anchor_bottom = 0.0
margin_top = 18.0
margin_right = 203.0
margin_bottom = 42.0
rect_pivot_offset = Vector2( 0, 0 )
rect_clip_content = false
mouse_filter = 1
mouse_default_cursor_shape = 0
size_flags_horizontal = 3
size_flags_vertical = 1
alignment = 0
_sections_unfolded = [ "Size Flags" ]

[node name="KeyLineEdit" type="LineEdit" parent="HBox/VBox/HBox"]
anchor_left = 0.0
anchor_top = 0.0
anchor_right = 0.0
anchor_bottom = 0.0
margin_right = 93.0
margin_bottom = 24.0
rect_pivot_offset = Vector2( 0, 0 )
rect_clip_content = false
focus_mode = 2
mouse_filter = 0
mouse_default_cursor_shape = 1
size_flags_horizontal = 3
size_flags_vertical = 1
secret_character = "*"
focus_mode = 2
context_menu_enabled = true
placeholder_text = "Key"
placeholder_alpha = 0.6
caret_blink = true
caret_blink_speed = 0.65
caret_position = 0
_sections_unfolded = [ "Caret", "Placeholder", "Size Flags" ]

[node name="EqualsLbl" type="Label" parent="HBox/VBox/HBox"]
anchor_left = 0.0
anchor_top = 0.0
anchor_right = 0.0
anchor_bottom = 0.0
margin_left = 97.0
margin_right = 105.0
margin_bottom = 24.0
rect_pivot_offset = Vector2( 0, 0 )
rect_clip_content = false
mouse_filter = 0
mouse_default_cursor_shape = 0
size_flags_horizontal = 1
size_flags_vertical = 1
text = "="
align = 1
valign = 1
percent_visible = 1.0
lines_skipped = 0
max_lines_visible = -1

[node name="ValueLineEdit" type="LineEdit" parent="HBox/VBox/HBox"]
anchor_left = 0.0
anchor_top = 0.0
anchor_right = 0.0
anchor_bottom = 0.0
margin_left = 109.0
margin_right = 203.0
margin_bottom = 24.0
rect_pivot_offset = Vector2( 0, 0 )
rect_clip_content = false
focus_mode = 2
mouse_filter = 0
mouse_default_cursor_shape = 1
size_flags_horizontal = 3
size_flags_vertical = 1
secret_character = "*"
focus_mode = 2
context_menu_enabled = true
placeholder_text = "Value"
placeholder_alpha = 0.6
caret_blink = true
caret_blink_speed = 0.65
caret_position = 0
_sections_unfolded = [ "Caret", "Placeholder", "Size Flags" ]

[node name="FlagsAddBtn" type="Button" parent="HBox/VBox"]
anchor_left = 0.0
anchor_top = 0.0
anchor_right = 0.0
anchor_bottom = 0.0
margin_left = 83.0
margin_top = 46.0
margin_right = 120.0
margin_bottom = 66.0
rect_pivot_offset = Vector2( 0, 0 )
rect_clip_content = false
focus_mode = 2
mouse_filter = 0
mouse_default_cursor_shape = 0
size_flags_horizontal = 4
size_flags_vertical = 4
disabled = true
toggle_mode = false
enabled_focus_mode = 2
shortcut = null
group = null
text = "Add"
flat = false
align = 1
_sections_unfolded = [ "Size Flags" ]

[node name="FlagsList" type="ItemList" parent="HBox/VBox"]
anchor_left = 0.0
anchor_top = 0.0
anchor_right = 0.0
anchor_bottom = 0.0
margin_top = 70.0
margin_right = 203.0
margin_bottom = 257.0
rect_min_size = Vector2( 200, 0 )
rect_pivot_offset = Vector2( 0, 0 )
rect_clip_content = false
hint_tooltip = "Custom info associated with this choice.
Stored as an array of strings.
Separate flags with a newline."
focus_mode = 2
mouse_filter = 0
mouse_default_cursor_shape = 0
size_flags_horizontal = 3
size_flags_vertical = 3
items = [  ]
select_mode = 0
allow_reselect = false
same_column_width = true
icon_mode = 1
fixed_icon_size = Vector2( 0, 0 )
_sections_unfolded = [ "Columns", "Rect", "Size Flags" ]

[node name="FlagsRemoveBtn" type="Button" parent="HBox/VBox"]
anchor_left = 0.0
anchor_top = 0.0
anchor_right = 0.0
anchor_bottom = 0.0
margin_left = 69.0
margin_top = 261.0
margin_right = 133.0
margin_bottom = 281.0
rect_pivot_offset = Vector2( 0, 0 )
rect_clip_content = false
focus_mode = 2
mouse_filter = 0
mouse_default_cursor_shape = 0
size_flags_horizontal = 4
size_flags_vertical = 4
toggle_mode = false
enabled_focus_mode = 2
shortcut = null
group = null
text = "Remove"
flat = false
align = 1
_sections_unfolded = [ "Size Flags" ]

[connection signal="confirmed" from="." to="." method="_on_ConfirmDialog_confirmed"]
[connection signal="popup_hide" from="." to="." method="_on_ConfirmDialog_popup_hide"]
[connection signal="item_selected" from="HBox/Grid/AllRspList" to="." method="_on_AllRspList_item_selected"]
[connection signal="pressed" from="HBox/Grid/VBox/RspAddBtn" to="." method="_on_RspAddBtn_pressed"]
[connection signal="pressed" from="HBox/Grid/VBox/RspRemoveBtn" to="." method="_on_RspRemoveBtn_pressed"]
[connection signal="item_selected" from="HBox/Grid/AddedRspList" to="." method="_on_AddedRspList_item_selected"]
[connection signal="text_entered" from="HBox/Grid/HBox/Container/ChoiceIdLineEdit" to="." method="_on_ChoiceIdLineEdit_text_entered"]
[connection signal="pressed" from="HBox/Grid/HBox/ChoiceIdEditBtn" to="." method="_on_ChoiceIdEditBtn_pressed"]
[connection signal="item_selected" from="HBox/Grid/LinkOpt" to="." method="_on_LinkOpt_item_selected"]
